<record><leader>00000cas a22000007a 4500</leader><controlfield tag="001">9870431</controlfield><controlfield tag="008">830901d18281829nyuwr ne      0    0eng d</controlfield><datafield ind1=" " ind2=" " tag="010"><subfield code="a">sn 83031378 </subfield></datafield><datafield ind1=" " ind2=" " tag="040"><subfield code="a">NPU</subfield><subfield code="b">eng</subfield><subfield code="c">NPU</subfield><subfield code="d">NPX</subfield><subfield code="d">NYS</subfield><subfield code="d">OCL</subfield><subfield code="d">OCLCQ</subfield><subfield code="d">OCLCF</subfield><subfield code="d">OCLCO</subfield><subfield code="d">OCLCA</subfield></datafield><datafield ind1=" " ind2=" " tag="042"><subfield code="a">msc</subfield></datafield><datafield ind1=" " ind2=" " tag="043"><subfield code="a">n-us-ny</subfield></datafield><datafield ind1="0" ind2=" " tag="130"><subfield code="a">Lockport journal (Lockport, N.Y. : 1828)</subfield></datafield><datafield ind1="1" ind2="0" tag="245"><subfield code="a">Lockport journal.</subfield></datafield><datafield ind1=" " ind2=" " tag="260"><subfield code="a">Lockport, N.Y. :</subfield><subfield code="b">Asa Story</subfield></datafield><datafield ind1=" " ind2=" " tag="300"><subfield code="a">v. ;</subfield><subfield code="c">53 cm.</subfield></datafield><datafield ind1=" " ind2=" " tag="310"><subfield code="a">Weekly</subfield></datafield><datafield ind1="1" ind2=" " tag="362"><subfield code="a">Began with Apr. 10, 1828 issue.</subfield><subfield code="z">Cf. Gregory, W. Amer. newspapers.</subfield></datafield><datafield ind1="1" ind2=" " tag="362"><subfield code="a">Ceased in 1829?</subfield><subfield code="z">Cf. French, J.H. Gazetteer of the state of N.Y., 1860.</subfield></datafield><datafield ind1=" " ind2=" " tag="500"><subfield code="a">Publisher: Peter Besanc&#807;on, Jr., &lt;1829&gt;.</subfield></datafield><datafield ind1=" " ind2=" " tag="588"><subfield code="a">Description based on: Vol. 1, no. 2 (Apr. 17, 1828).</subfield></datafield><datafield ind1=" " ind2="0" tag="651"><subfield code="a">Lockport (N.Y.)</subfield><subfield code="v">Newspapers.</subfield></datafield><datafield ind1=" " ind2="7" tag="655"><subfield code="a">Newspapers.</subfield><subfield code="2">fast</subfield><subfield code="0">(OCoLC)fst01423814</subfield></datafield><datafield ind1=" " ind2="7" tag="651"><subfield code="a">New York (State)</subfield><subfield code="z">Lockport.</subfield><subfield code="2">fast</subfield><subfield code="0">(OCoLC)fst01213352</subfield></datafield><datafield ind1=" " ind2=" " tag="752"><subfield code="a">United States</subfield><subfield code="b">New York</subfield><subfield code="c">Niagara</subfield><subfield code="d">Lockport.</subfield></datafield><datafield ind1="0" ind2="0" tag="780"><subfield code="t">Niagara sentinel and Lockport observatory</subfield><subfield code="w">(DLC)sn 85026757</subfield></datafield><datafield ind1="0" ind2="0" tag="785"><subfield code="t">Lockport balance (Lockport, N.Y. : 1829)</subfield><subfield code="w">(DLC)sn 83031425</subfield></datafield></record>